@software{McIntyre_neat-python,
	author = {McIntyre, Alan and Kallada, Matt and Miguel, Cesar G. and Feher de Silva, Carolina and Netto, Marcio Lobo},
	title = {{neat-python}}
}
@software{Mahfouz_Survive_Line_2023,
	author = {Mahfouz, Ahmed},
	month = {2},
	title = {Survive Line},
	url = {https://github.com/Ahelsamahy/Survive-Line},
	version = {1},
	year = {2023}
}